<collection xmlns="http://www.loc.gov/MARC21/slim">
<record>
  <leader>02538nam0a2200385 i 450 </leader>
  <controlfield tag="001">IT\ICCU\CNCE\015546</controlfield>
  <controlfield tag="005">20180212000000.0</controlfield>
  <datafield tag="012" ind1=" " ind2=" ">
    <subfield code="a">18n- e&apos;ne a.iu lapu (3) 1598 (A)</subfield>
    <subfield code="2">fei</subfield>
  </datafield>
  <datafield tag="100" ind1=" " ind2=" ">
    <subfield code="a">19970101d1598        0itac0103    ba</subfield>
  </datafield>
  <datafield tag="101" ind1=" " ind2=" ">
    <subfield code="a">ITA</subfield>
  </datafield>
  <datafield tag="102" ind1=" " ind2=" ">
    <subfield code="a">IT</subfield>
  </datafield>
  <datafield tag="200" ind1="1" ind2=" ">
    <subfield code="a">Constitutioni priuilegi, et indulgenze della vener. Compagnia della Carit,̉ instituita nel collegio de ss. Iacomo, &amp; Vincenzo di Cremona, et aggregata alla venerabile Archiconfraternit ̉della Carit ̉di Roma. Nella quali si danno varie istruttioni, vtili  ̉questa, &amp; ad altre confraternit,̉ &amp; per essercitar bene l&apos;opere di misericordia</subfield>
  </datafield>
  <datafield tag="210" ind1=" " ind2=" ">
    <subfield code="a">In Cremona</subfield>
    <subfield code="c">appresso Barucino de&apos; Giouanni</subfield>
    <subfield code="d">1598</subfield>
    <subfield code="e">In Cremona</subfield>
    <subfield code="g">appresso Barucino de&apos; Giouanni</subfield>
    <subfield code="h">1598</subfield>
  </datafield>
  <datafield tag="215" ind1=" " ind2=" ">
    <subfield code="a">\8!, 92, \2! p.</subfield>
    <subfield code="c">ill.</subfield>
    <subfield code="d">4ʻ</subfield>
  </datafield>
  <datafield tag="620" ind1=" " ind2=" ">
    <subfield code="a">IT</subfield>
    <subfield code="d">Cremona</subfield>
  </datafield>
  <datafield tag="710" ind1="0" ind2="2">
    <subfield code="a"></subfield>
    <subfield code="c"> &lt;Cremona&gt;</subfield>
    <subfield code="3">IT\ICCU\CNCT\004061</subfield>
  </datafield>
  <datafield tag="712" ind1="0" ind2="2">
    <subfield code="a"></subfield>
    <subfield code="c"> &lt;Roma&gt;</subfield>
    <subfield code="3">4068</subfield>
  </datafield>
  <datafield tag="712" ind1="0" ind2="0">
    <subfield code="a">Zanni, Barucino</subfield>
    <subfield code="3">IT\ICCU\CNCT\000799</subfield>
    <subfield code="4">650</subfield>
  </datafield>
  <datafield tag="791" ind1="0" ind2="2">
    <subfield code="a"></subfield>
    <subfield code="c"> &lt;Cremona&gt;</subfield>
    <subfield code="3">IT\ICCU\CNCT\004062</subfield>
    <subfield code="z">Confraternita della Carit ̉&lt;Cremona&gt;</subfield>
  </datafield>
  <datafield tag="791" ind1="0" ind2="2">
    <subfield code="a">Arciconfraternita della Carit ̉in S. Girolamo</subfield>
    <subfield code="c"> &lt;Roma&gt;</subfield>
    <subfield code="3">IT\ICCU\CNCT\004069</subfield>
    <subfield code="z">Arciconfraternita della Carit ̉&lt;Roma&gt;</subfield>
  </datafield>
  <datafield tag="791" ind1="0" ind2="2">
    <subfield code="a"></subfield>
    <subfield code="c"> &lt;Roma&gt;</subfield>
    <subfield code="3">IT\ICCU\CNCT\004070</subfield>
    <subfield code="z">Arciconfraternita della Carit ̉&lt;Roma&gt;</subfield>
  </datafield>
  <datafield tag="791" ind1="0" ind2="2">
    <subfield code="a">Societas Charitatis de Vrbe</subfield>
    <subfield code="3">IT\ICCU\CNCT\004071</subfield>
    <subfield code="z">Arciconfraternita della Carit ̉&lt;Roma&gt;</subfield>
  </datafield>
  <datafield tag="791" ind1="0" ind2="2">
    <subfield code="a">Archiconfraternitas Charitatis de Vrbe</subfield>
    <subfield code="3">IT\ICCU\CNCT\004073</subfield>
    <subfield code="z">Arciconfraternita della Carit ̉&lt;Roma&gt;</subfield>
  </datafield>
  <datafield tag="791" ind1="0" ind2="2">
    <subfield code="a">Barucino di Giovanni</subfield>
    <subfield code="3">IT\ICCU\CNCT\002710</subfield>
    <subfield code="z">Zanni, Barucino</subfield>
  </datafield>
  <datafield tag="791" ind1="0" ind2="0">
    <subfield code="a">Giovanni, Barucino di</subfield>
    <subfield code="3">IT\ICCU\CNCT\002719</subfield>
    <subfield code="z">Zanni, Barucino</subfield>
  </datafield>
  <datafield tag="791" ind1="0" ind2="0">
    <subfield code="a">Zannius, Barucinus</subfield>
    <subfield code="3">IT\ICCU\CNCT\005811</subfield>
    <subfield code="z">Zanni, Barucino</subfield>
  </datafield>
  <datafield tag="791" ind1="0" ind2="0">
    <subfield code="a">Giovannis, Barucinus de</subfield>
    <subfield code="3">IT\ICCU\CNCT\005812</subfield>
    <subfield code="z">Zanni, Barucino</subfield>
  </datafield>
  <datafield tag="791" ind1="0" ind2="0">
    <subfield code="a">Zannis, Barucinus de</subfield>
    <subfield code="3">IT\ICCU\CNCT\005813</subfield>
    <subfield code="z">Zanni, Barucino</subfield>
  </datafield>
  <datafield tag="791" ind1="0" ind2="0">
    <subfield code="a">Zani, Barucino di</subfield>
    <subfield code="3">IT\ICCU\CNCT\005814</subfield>
    <subfield code="z">Zanni, Barucino</subfield>
  </datafield>
  <datafield tag="801" ind1=" " ind2="3">
    <subfield code="a">IT</subfield>
    <subfield code="b">ICCU</subfield>
    <subfield code="c">20201114</subfield>
  </datafield>
  <datafield tag="899" ind1=" " ind2=" ">
    <subfield code="a">Biblioteca del Seminario vescovile Santa Maria della Pace. Cremona</subfield>
    <subfield code="1">CR0061</subfield>
    <subfield code="2">PBE 48</subfield>
  </datafield>
  <datafield tag="899" ind1=" " ind2=" ">
    <subfield code="a">Biblioteca statale. Cremona</subfield>
    <subfield code="1">CR0062</subfield>
    <subfield code="2">LO1 28</subfield>
  </datafield>
  <datafield tag="899" ind1=" " ind2=" ">
    <subfield code="a">Biblioteca del Senato della Repubblica Giovanni Spadolini. Roma</subfield>
    <subfield code="1">RM0427</subfield>
    <subfield code="2">ZRM 12</subfield>
  </datafield>
  <datafield tag="911" ind1=" " ind2=" ">
    <subfield code="a">Sul front.</subfield>
    <subfield code="9">IT\ICCU\CNCM\000489</subfield>
  </datafield>
  <datafield tag="921" ind1=" " ind2=" ">
    <subfield code="a">IT\ICCU\CNCM\000489</subfield>
    <subfield code="b">Speranza (donna in piedi tiene con la mano destra un&apos;ancora). In basso le iniziali B.Z.</subfield>
    <subfield code="e">Spero in deo</subfield>
    <subfield code="c">V42</subfield>
    <subfield code="d">Dimensioni: 5,5 x 6</subfield>
    <subfield code="f">ANCORA</subfield>
    <subfield code="f">BZ</subfield>
    <subfield code="f">MANO</subfield>
    <subfield code="f">SPERANZA</subfield>
    <subfield code="f">SPEROINDEO</subfield>
    <subfield code="g">1594-1599</subfield>
  </datafield>
</record>
</collection>
